@article{twitter_stats,
    author = {Twitter Inc.},
    title = {Twitter turns six},
    eprint = {https://blog.twitter.com/official/en_us/a/2012/twitter-turns-six.html},
    date = {2012}
}

@article{first_tweet,
    author = {Dorsey, Jack},
    title = {inviting coworkers},
    eprint = {https://twitter.com/jack/status/29},
    date = {2006}
}

@article{first_subtweet,
	author = {Rae, Chelsea},
	title = {I hate when I see people...},
	eprint = {https://twitter.com/Chelsea_x_Rae/status/6261479092},
	date = {2009}
}

@article{urban_dictionary,
	author = {Urban Dictionary},
	title = {Subtweet},
	eprint = {https://www.urbandictionary.com/define.php?term=subtweet},
	date = {2010}
}

@article{subtweets_communications,
    title={To tweet or ‘subtweet’?: Impacts of social networking post directness and valence on interpersonal impressions},
    author={Edwards, Autumn and Harris, Christina J},
    journal={Computers in Human Behavior},
    volume={63},
    pages={304--310},
    year={2016},
    publisher={Elsevier}
}

@article{the_atlantic,
	author = {Madrigal, Alexis C.},
	title = {Behind the Machine's Back: How Social Media Users Avoid Getting Turned Into Big Data},
	eprint = {https://www.theatlantic.com/technology/archive/2014/04/behind-the-machines-back-how-social-media-users-avoid-getting-turned-into-big-data/360416/},
	date = {2014}
}

@article{the_washington_post,
	author = {Dewey, Caitlin},
	title = {Study confirms what you always knew: People who subtweet are terrible},
	eprint = {https://www.washingtonpost.com/news/the-intersect/wp/2016/06/06/study-confirms-what-you-always-knew-people-who-subtweet-are-terrible/},
	date = {2016}
}

@article{slate,
	author = {Hassler, Chelsea},
	title = {Subtweeting Looks Terrible on You. (You Know Who You Are.)},
	eprint = {http://www.slate.com/blogs/future_tense/2016/07/15/subtweeting_looks_terrible_on_you_yes_you.html},
	date = {2016}
}

@article{hateful_conduct,
    author = {Twitter},
	title = {Hateful conduct policy},
	eprint = {https://help.twitter.com/en/rules-and-policies/hateful-conduct-policy},
	date = {2018}
}

@article{sentiment_analysis_markets,
    title={Text mining for market prediction: A systematic review},
    author={Nassirtoussi, Arman Khadjeh and Aghabozorgi, Saeed and Wah, Teh Ying and Ngo, David Chek Ling},
    journal={Expert Systems with Applications},
    volume={41},
    number={16},
    pages={7653--7670},
    year={2014},
    publisher={Elsevier}
}

@article{sentiment_analysis_terrorism,
    title={Tweeting the terror: modelling the social media reaction to the Woolwich terrorist attack},
    author={Burnap, Pete and Williams, Matthew L and Sloan, Luke and Rana, Omer and Housley, William and Edwards, Adam and Knight, Vincent and Procter, Rob and Voss, Alex},
    journal={Social Network Analysis and Mining},
    volume={4},
    number={1},
    pages={206},
    year={2014},
    publisher={Springer}
}

@article{sentiment_analysis_irony,
    title={On the difficulty of automatically detecting irony: beyond a simple case of negation},
    author={Reyes, Antonio and Rosso, Paolo},
    journal={Knowledge and Information Systems},
    volume={40},
    number={3},
    pages={595--614},
    year={2014},
    publisher={Springer}
}